@article{muller2015beat,
  title={Beat tracking and tempo estimation of musical signals},
  author={M{\"u}ller, Meinard and others},
  journal={Journal of the Acoustical Society of America},
  volume={138},
  number={4},
  pages={2015--2024},
  year={2015},
  publisher={Acoustical Society of America}
}

@inproceedings{brossard2016plp,
  title={Extracting predominant local pulse information from music recordings},
  author={Brossard, F and others},
  booktitle={International Conference on Acoustics, Speech and Signal Processing},
  pages={2016--2019},
  year={2016}
}

@inproceedings{alonso2004tempo,
  author = {Alonso, M. and David, B. and Richard, G.},
  title = {Tempo and Beat Estimation of Musical Signals},
  booktitle = {Proceedings of the 5th International Conference on Music Information Retrieval (ISMIR)},
  year = {2004}
}

@book{bookfmp,
author = {MÃ¼ller, Meinard},
year = {2015},
month = {01},
pages = {},
title = {Fundamentals of Music Processing},
isbn = {978-3-319-21944-8},
doi = {10.1007/978-3-319-21945-5}
}

